@ARTICLE{Hut1981,
       author = {{Hut}, P.},
        title = "{Tidal evolution in close binary systems.}",
      journal = {\aap},
         year = 1981,
       volume = {99},
        pages = {126-140}
}

@ARTICLE{wei2024,
       author = {{Wei}, Xing and {Lin}, D.~N.~C.},
        title = "{Magnetic Field of Gas Giant Exoplanets and Its Influence on the Retention of Their Exomoons}",
      journal = {\apj},
         year = 2024,
       volume = {965},
       number = {1},
        pages = {88},
          doi = {10.3847/1538-4357/ad2843}
}

@ARTICLE{goldreich1966,
       author = {{Goldreich}, Peter and {Soter}, Steven},
        title = "{Q in the Solar System}",
      journal = {Icarus},
         year = 1966,
       volume = {5},
        pages = {375-389}
}

@ARTICLE{goldreich1969,
       author = {{Goldreich}, P. and {Lynden-Bell}, D.},
        title = "{Io, a jovian unipolar inductor}",
      journal = {Astrophys. J.},
         year = 1969,
       volume = {156},
        pages = {59-78}
}

@ARTICLE{laine2008,
       author = {{Laine}, Randy O. and {Lin}, Douglas N.~C. and {Dong}, Shawfeng},
        title = "{Interaction of Close-in Planets with the Magnetosphere of Their Host Stars. I. Diffusion, Ohmic Dissipation of Time-dependent Field, Planetary Inflation, and Mass Loss}",
      journal = {Astrophys. J.},
         year = 2008,
       volume = {685},
        pages = {521-542}
}

@ARTICLE{laine2012,
       author = {{Laine}, Randy O. and {Lin}, Douglas N.~C.},
        title = "{Interaction of Close-in Planets with the Magnetosphere of Their Host Stars. II. Super-Earths as Unipolar Inductors and Their Orbital Evolution}",
      journal = {Astrophys. J.},
         year = 2012,
       volume = {745},
        pages = {2}
}

@ARTICLE{lai2012,
       author = {{Lai}, Dong},
        title = "{DC Circuit Powered by Orbital Motion: Magnetic Interactions in Compact Object Binaries and Exoplanetary Systems}",
      journal = {Astrophys. J. Lett.},
         year = 2012,
       volume = {757},
        pages = {L3}
}

@ARTICLE{zarka2007,
       author = {{Zarka}, Philippe},
        title = "{Plasma interactions of exoplanets with their parent star and associated radio emissions}",
      journal = {Planet. Space Sci.},
         year = 2007,
       volume = {55},
        pages = {598-617}
}

@ARTICLE{ogilvie2014,
       author = {{Ogilvie}, Gordon I.},
        title = "{Tidal Dissipation in Stars and Giant Planets}",
      journal = {Annu. Rev. Astron. Astrophys.},
         year = 2014,
       volume = {52},
        pages = {171-210}
}

@ARTICLE{strugarek2021,
       author = {{Ahuir}, J. and {Strugarek}, A. and {Brun}, A. -S. and {Mathis}, S.},
        title = "{Magnetic and tidal migration of close-in planets. Influence of secular evolution on their population}",
      journal = {Astron. Astrophys.},
         year = 2021,
       volume = {650},
        pages = {A126}
}

@ARTICLE{winn2010,
       author = {{Winn}, Joshua N. and {Fabrycky}, Daniel and {Albrecht}, Simon and {Johnson}, John Asher},
        title = "{Hot Stars with Hot Jupiters Have High Obliquities}",
      journal = {Astrophys. J. Lett.},
         year = 2010,
       volume = {718},
        pages = {L145-L149}
}

@ARTICLE{li2025,
       author = {{De Colle}, Fabio and {Lin}, Douglas N.~C. and {Chen}, Chen and {Li}, Gongjie},
        title = "{Numerical simulations of the interaction between the stellar magnetic field and a planet}",
      journal = {\mnras},
         year = 2025,
       volume = {539},
        pages = {3459-3472}
}